@preamble{ "\newcommand{\noopsort}[1]{} "
	# "\newcommand{\printfirst}[2]{#1} "
	# "\newcommand{\singleletter}[1]{#1} "
	# "\newcommand{\switchargs}[2]{#2#1} " }




%%%%%%%%%%%



@book{nass_media_equation,
  title={How people treat computers, television, and new media like real people and places},
  author={Reeves, Byron and Nass, Clifford},
  year={1996},
  publisher={CSLI Publications and Cambridge university press}
}
@inproceedings{gaver_ambiguity,
  title={Ambiguity as a resource for design},
  author={Gaver, William W and Beaver, Jacob and Benford, Steve},
  booktitle={Proceedings of the SIGCHI conference on Human factors in computing systems},
  pages={233--240},
  year={2003},
  organization={ACM}
}
@inproceedings{forlizi_roomba_ethnography,
  title={Service robots in the domestic environment: a study of the roomba vacuum in the home},
  author={Forlizzi, Jodi and DiSalvo, Carl},
  booktitle={Proceedings of the 1st ACM SIGCHI/SIGART conference on Human-robot interaction},
  pages={258--265},
  year={2006},
  organization={ACM}
}

@inproceedings{bartneck_daisy_daisy,
  title={Daisy, Daisy, give me your answer do!: switching off a robot},
  author={Bartneck, Christoph and Van Der Hoek, Michel and Mubin, Omar and Al Mahmud, Abdullah},
  booktitle={Proceedings of the ACM/IEEE international conference on Human-robot interaction},
  pages={217--222},
  year={2007},
  organization={ACM}
}

@inproceedings{kaplan_role_uselessness_pets,
  title={Free creatures: The role of uselessness in the design of artificial pets},
  author={Kaplan, Fr{\'e}d{\'e}ric},
  booktitle={Proceedings of the 1st edutainment robotics workshop},
  pages={45--47},
  year={2000},
  organization={Citeseer}
}

@article{ackermann_experience_artifact,
  title={Experiences of Artifacts: People's Appropriation/Object's 'Affordances'},
  author={Ackermann, Edith},
  journal={Keyworks in radical constructivism},
  pages={249--259},
  year={2007}
}

@article{kanda_long_term_robovie,
  title={A two-month field trial in an elementary school for long-term human--robot interaction},
  author={Kanda, Takayuki and Sato, Rumi and Saiwaki, Naoki and Ishiguro, Hiroshi},
  journal={Robotics, IEEE Transactions on},
  volume={23},
  number={5},
  pages={962--971},
  year={2007},
  publisher={IEEE}
}

@article{kasap_role_remembering,
  title={Building long-term relationships with virtual and robotic characters: the role of remembering},
  author={Kasap, Zerrin and Magnenat-Thalmann, Nadia},
  journal={The Visual Computer},
  volume={28},
  number={1},
  pages={87--97},
  year={2012},
  publisher={Springer}
}

@inproceedings{kaplan_artificial_attachment,
  title={Artificial attachment: Will a robot ever pass ainsworth's strange situation test},
  author={Kaplan, Fr{\'e}d{\'e}ric},
  booktitle={Proceedings of humanoids},
  pages={125--132},
  year={2001}
}

@book{braitenberg_vehicles,
  title={Vehicles: Experiments in synthetic psychology},
  author={Braitenberg, Valentino},
  year={1986},
  publisher={MIT press}
}

@book{breazeal_sociable_robots,
  title={Designing sociable robots},
  author={Breazeal, Cynthia L},
  year={2004},
  publisher={MIT press}
}

@misc{walker_significant_objects,
  title={About the Significant Objects Project},
  author={Walker, R and Glenn, J},
  year={2009},
  url="http://significantobjects.com/about/",
  note="[Online; accessed 10-June-2015]"
}

@online{nbcnews_paro,
  title={My robot friend: People find real comfort in artificial companionship},
  year={2013},
  author={Subbaraman, Nidhi},
  publisher={NBCNews.com},
  url="http://www.nbcnews.com/technology/my-robot-friend-people-find-real-comfort-artificial-companionship-6C10146787",
  note="[Online; accessed 03-April-2016]"
}

@incollection{phillips_empathy_animals,
year={2009},
isbn={978-1-4020-9218-3},
booktitle={The Welfare of Animals},
volume={8},
series={Animal Welfare},
doi={10.1007/978-1-4020-9219-0_3},
title={Empathy Towards Animals},
url={http://dx.doi.org/10.1007/978-1-4020-9219-0_3},
publisher={Springer Netherlands},
author={Phillips, Clive},
pages={47-54},
language={English}
}

@inproceedings{dautenhahn_nehaniv_alife,
  title={Artificial life and natural stories},
  author={Dautenhahn, Kerstin and Nehaniv, Chrystopher},
  booktitle={International Symposium on Artificial Life and Robotics},
  pages={435--439},
  year={1998},
  organization={Citeseer}
}

@article{decety_human_empathy,
  title={Human empathy through the lens of social neuroscience},
  author={Decety, Jean and Lamm, Claus},
  journal={The Scientific World Journal},
  volume={6},
  pages={1146--1163},
  year={2006},
  publisher={Hindawi Publishing Corporation}
}

@article{davis_multidimensional_empathy,
  title={Measuring individual differences in empathy: evidence for a multidimensional approach.},
  author={Davis, Mark H},
  journal={Journal of personality and social psychology},
  volume={44},
  number={1},
  pages={113},
  year={1983},
  publisher={American Psychological Association}
}

@article{rosenthal_emotional_reaction,
  title={An experimental study on emotional reactions towards a robot},
  author={Rosenthal-von der P{\"u}tten, Astrid M and Kr{\"a}mer, Nicole C and Hoffmann, Laura and Sobieraj, Sabrina and Eimler, Sabrina C},
  journal={International Journal of Social Robotics},
  volume={5},
  number={1},
  pages={17--34},
  year={2013},
  publisher={Springer}
}

@article{lee_aibo_development_presence,
  title={Can a robot be perceived as a developing creature?},
  author={Lee, Kwan Min and Park, Namkee and Song, Hayeon},
  journal={Human Communication Research},
  volume={31},
  number={4},
  pages={538--563},
  year={2005},
  publisher={Wiley Online Library}
}

@phdthesis{hornstein_development_robotics_language,
  title={Developmental approach to early language learning in humanoid robots},
  author={H{\"o}rnstein, Karl Jonas Patrik},
  year={2013},
  school={INSTITUTO SUPERIOR T{\'E}CNICO}
}

@inproceedings{rothwell_babbling_first_words,
  title={From babbling towards first words: the emergence of speech in a robot in real-time interaction},
  author={Rothwell, Anton and Lyon, Caroline and Nehaniv, Chrystopher L and Saunders, Joe},
  booktitle={Artificial Life (ALIFE), 2011 IEEE Symposium on},
  pages={86--91},
  year={2011},
  organization={IEEE}
}

@inproceedings{saunders_constructivist_robot_babbling,
  title={A constructivist approach to robot language learning via simulated babbling and holophrase extraction},
  author={Saunders, Joe and Lyon, Caroline and F{\"o}rster, Frank and Nehaniv, Chrystopher L and Dautenhahn, Kerstin},
  booktitle={Artificial Life, 2009. ALife'09. IEEE Symposium on},
  pages={13--20},
  year={2009},
  organization={IEEE}
}

@article{fee_songbird_model,
  title={The songbird as a model for the generation and learning of complex sequential behaviors},
  author={Fee, Michale S and Scharff, Constance},
  journal={ILAR journal},
  volume={51},
  number={4},
  pages={362--377},
  year={2010},
  publisher={Oxford University Press}
}


@inproceedings{darling_hexbug_study,
  title={Empathic concern and the effect of stories in human-robot interaction},
  author={Darling, Kate and Nandy, Palash and Breazeal, Cynthia},
  booktitle={Robot and Human Interactive Communication (RO-MAN), 2015 24th IEEE International Symposium on},
  pages={770--775},
  year={2015},
  organization={IEEE}
}

@article{mccartney_supercollider,
  title={Rethinking the computer music language: SuperCollider},
  author={McCartney, James},
  journal={Computer Music Journal},
  volume={26},
  number={4},
  pages={61--68},
  year={2002},
  publisher={MIT Press}
}


@incollection{doya_computational_model_songbird,
  title={A computational model of birdsong learning by auditory experience and auditory feedback},
  author={Doya, Kenji and Sejnowski, Terrence J},
  booktitle={Central auditory processing and neural modeling},
  pages={77--88},
  year={1998},
  publisher={Springer}
}


@inproceedings{johnson_contingent_action,
  title={The role of agent behavior in mentalistic attributions by observers},
  author={Johnson, Susan C and Ma, Erica},
  booktitle={Robot and Human Interactive Communication, 2005. ROMAN 2005. IEEE International Workshop on},
  pages={723--728},
  year={2005},
  organization={IEEE}
}

@book{norman_doet,
  title={The design of everyday things: Revised and expanded edition},
  author={Norman, Donald A},
  year={2013},
  publisher={Basic books}
}

@article{fong_survey_socially_interactive_bots,
  title={A survey of socially interactive robots},
  author={Fong, Terrence and Nourbakhsh, Illah and Dautenhahn, Kerstin},
  journal={Robotics and autonomous systems},
  volume={42},
  number={3},
  pages={143--166},
  year={2003},
  publisher={Elsevier}
}

@phdthesis{wistort_tofu_draw,
  title={TofuDraw: choreographing robot behavior through Digital Painting},
  author={Wistort, Ryan Mark},
  year={2010},
  school={Massachusetts Institute of Technology}
}

@misc{christian_science_robot_pet,
  title={Could your next pet be a robot?},
  editor={Rowena Lindsay},
  author={Christian Science Monitor},
  journal={Christian Science Monitor},
  year={2015},
  url={http://www.csmonitor.com/Science/2015/0512/Could-your-next-pet-be-a-robot},
  note="[Online; accessed 10-June-2015]"
}

@book{turkle_alone_together,
  title={Alone together: Why we expect more from technology and less from each other},
  author={Turkle, Sherry},
  year={2012},
  publisher={Basic books}
}


@article{eisenberg_empathy_prosocial,
  title={The relation of empathy to prosocial and related behaviors.},
  author={Eisenberg, Nancy and Miller, Paul A},
  journal={Psychological bulletin},
  volume={101},
  number={1},
  pages={91},
  year={1987},
  publisher={American Psychological Association}
}


@article{endenburg_pets_children,
  title={The role of pets in enhancing human well-being: effects on child development},
  author={Endenburg, Nienke and Baarda, Ben},
  journal={The Waltham book of human-animal interaction: Benefits and responsibilities of pet ownership},
  pages={7--17},
  year={1995},
  publisher={Elsevier Science Ltd.: Oxford, UK}
}

@article{gullone_empathy_prosocial_pets,
  title={Promotion of empathy and prosocial behaviour in children through humane education},
  author={Thompson, Kelly L and Gullone, Eleonora},
  journal={Australian Psychologist},
  volume={38},
  number={3},
  pages={175--182},
  year={2003},
  publisher={Wiley Online Library}
}


@article{walsh_human_animal_bond,
  title={Human-animal bonds I: The relational significance of companion animals},
  author={Walsh, Froma},
  journal={Family process},
  volume={48},
  number={4},
  pages={462--480},
  year={2009},
  publisher={Wiley Online Library}
}

@inproceedings{wada_paro_one_year,
  title={Psychological and social effects of one year robot assisted activity on elderly people at a health service facility for the aged},
  author={Wada, Kazuyoshi and Shibata, Takanori and Saito, Tomoko and Sakamoto, Kayoko and Tanie, Kazuo},
  booktitle={Robotics and Automation, 2005. ICRA 2005. Proceedings of the 2005 IEEE International Conference on},
  pages={2785--2790},
  year={2005},
  organization={IEEE}
}

@article{gallagher_neurons_empathy_history,
  title={Neurons, neonates and narrative: From empathic resonance to empathic understanding1},
  author={Gallagher, Shaun}
}

@article{de_waal_altruism_empathy,
  title={Putting the altruism back into altruism: the evolution of empathy},
  author={De Waal, Frans BM},
  journal={Annu. Rev. Psychol.},
  volume={59},
  pages={279--300},
  year={2008},
  publisher={Annual Reviews}
}

@article{krebs_empathy_altruism,
  title={Empathy and altruism.},
  author={Krebs, Dennis},
  journal={Journal of personality and social psychology},
  volume={32},
  number={6},
  pages={1134},
  year={1975},
  publisher={American Psychological Association}
}


@incollection{breazeal_social_robots,
  title={Designing Socially Intelligent Robots},
  author={Breazeal, Cynthia},
  booktitle={Frontiers of Engineering: Reports on Leading-Edge Engineering from the 2004 NAE Symposium on Frontiers of Engineering},
  pages={123--130},
  year={2005},
  publisher={The National Academies Press}
}


@article{bates_believability,
  title={The role of emotion in believable agents},
  author={Bates, Joseph and others},
  journal={Communications of the ACM},
  volume={37},
  number={7},
  pages={122--125},
  year={1994}
}



@article {empathy_etymology,
    title = {Online Etymology Dictionary},
    month = {Mar},
    day = {21},
    year = {2016},
    url = {http://www.dictionary.com/browse/empathy},
}


@inproceedings{seo_empathy_virtual_physical,
  title={Poor Thing! Would You Feel Sorry for a Simulated Robot?: A comparison of empathy toward a physical and a simulated robot},
  author={Seo, Stela H and Geiskkovitch, Denise and Nakane, Masayuki and King, Corey and Young, James E},
  booktitle={Proceedings of the Tenth Annual ACM/IEEE International Conference on Human-Robot Interaction},
  pages={125--132},
  year={2015},
  organization={ACM}
}

@article{mulhall_blade_runner,
  title={Picturing the human (body and soul): A reading of Blade Runner},
  author={Mulhall, Stephen},
  journal={Film and philosophy},
  volume={1},
  number={1994},
  pages={87--104},
  year={1994}
}

@inproceedings{paiva_empathic_virtual_agents,
  title={Caring for agents and agents that care: Building empathic relations with synthetic agents},
  author={Paiva, Ana and Dias, Joao and Sobral, Daniel and Aylett, Ruth and Sobreperez, Polly and Woods, Sarah and Zoll, Carsten and Hall, Lynne},
  booktitle={Proceedings of the Third International Joint Conference on Autonomous Agents and Multiagent Systems-Volume 1},
  pages={194--201},
  year={2004},
  organization={IEEE Computer Society}
}


@article{gray_dimensions_mind,
  title={Dimensions of mind perception},
  author={Gray, Heather M and Gray, Kurt and Wegner, Daniel M},
  journal={Science},
  volume={315},
  number={5812},
  pages={619--619},
  year={2007},
  publisher={American Association for the Advancement of Science}
}


@article{hoffman_robot_movement,
  title={Designing robots with movement in mind},
  author={Hoffman, Guy and Ju, Wendy},
  journal={Journal of Human-Robot Interaction},
  volume={3},
  number={1},
  pages={89--122},
  year={2014}
}


@inproceedings{paepcke_robot_low_expectations,
  title={Judging a bot by its cover: an experiment on expectation setting for personal robots},
  author={Paepcke, Steffi and Takayama, Leila},
  booktitle={Human-Robot Interaction (HRI), 2010 5th ACM/IEEE International Conference on},
  pages={45--52},
  year={2010},
  organization={IEEE}
}

@inproceedings{bainbridge_robot_presence,
  title={The effect of presence on human-robot interaction},
  author={Bainbridge, Wilma A and Hart, Justin and Kim, Elizabeth S and Scassellati, Brian},
  booktitle={Robot and Human Interactive Communication, 2008. RO-MAN 2008. The 17th IEEE International Symposium on},
  pages={701--706},
  year={2008},
  organization={IEEE}
}

@inproceedings{lasseter_computer_animation,
  title={Principles of traditional animation applied to 3D computer animation},
  author={Lasseter, John},
  booktitle={ACM Siggraph Computer Graphics},
  volume={21},
  number={4},
  pages={35--44},
  year={1987},
  organization={ACM}
}


@book{lieberman_social,
  title={Social: Why our brains are wired to connect},
  author={Lieberman, Matthew D},
  year={2013},
  publisher={OUP Oxford}
}

@book{dennett_intentional_stance,
  title={The intentional stance},
  author={Dennett, Daniel Clement},
  year={1989},
  publisher={MIT press}
}

@article{frith_social_cognition,
  title={Mechanisms of social cognition},
  author={Frith, Chris D and Frith, Uta},
  journal={Annual review of psychology},
  volume={63},
  pages={287--313},
  year={2012},
  publisher={Annual Reviews}
}

@inproceedings{goldman_empathy_mind_morals,
  title={Empathy, mind, and morals},
  author={Goldman, Alvin I},
  booktitle={Proceedings and addresses of the American philosophical association},
  volume={66},
  number={3},
  pages={17--41},
  year={1992},
  organization={JSTOR}
}


@inproceedings{verbunt_mockingbird_robot,
  title={To kill a mockingbird robot},
  author={Bartneck, Christoph and Verbunt, Marcel and Mubin, Omar and Al Mahmud, Abdullah},
  booktitle={Human-Robot Interaction (HRI), 2007 2nd ACM/IEEE International Conference on},
  pages={81--87},
  year={2007},
  organization={IEEE}
}



@inproceedings{bickmore_virtual_agent_autobiography,
  title={Engagement vs. deceit: Virtual humans with human autobiographies},
  author={Bickmore, Timothy and Schulman, Daniel and Yin, Langxuan},
  booktitle={Intelligent Virtual Agents},
  pages={6--19},
  year={2009},
  organization={Springer}
}



@inproceedings{gockley_valerie_roboreceptionist,
  title={Designing robots for long-term social interaction},
  author={Gockley, Rachel and Bruce, Allison and Forlizzi, Jodi and Michalowski, Marek and Mundell, Anne and Rosenthal, Stephanie and Sellner, Brennan and Simmons, Reid and Snipes, Kevin and Schultz, Alan C and others},
  booktitle={Intelligent Robots and Systems, 2005.(IROS 2005). 2005 IEEE/RSJ International Conference on},
  pages={1338--1343},
  year={2005},
  organization={IEEE}
}


@inproceedings{ros,
  title={ROS: an open-source Robot Operating System},
  author={Quigley, Morgan and Conley, Ken and Gerkey, Brian and Faust, Josh and Foote, Tully and Leibs, Jeremy and Wheeler, Rob and Ng, Andrew Y},
  booktitle={ICRA workshop on open source software},
  volume={3},
  number={3.2},
  pages={5},
  year={2009}
}

@article{bartneck_godspeed,
  title={Measurement instruments for the anthropomorphism, animacy, likeability, perceived intelligence, and perceived safety of robots},
  author={Bartneck, Christoph and Kuli{\'c}, Dana and Croft, Elizabeth and Zoghbi, Susana},
  journal={International journal of social robotics},
  volume={1},
  number={1},
  pages={71--81},
  year={2009},
  publisher={Springer}
}

@article{figley_compassion_fatigue_therapists,
  title={Compassion fatigue: Psychotherapists' chronic lack of self care},
  author={Figley, Charles R},
  journal={Journal of clinical psychology},
  volume={58},
  number={11},
  pages={1433--1441},
  year={2002},
  publisher={Wiley Online Library}
}

@article{hawkley_loneliness_matters,
  title={Loneliness matters: A theoretical and empirical review of consequences and mechanisms},
  author={Hawkley, Louise C and Cacioppo, John T},
  journal={Annals of Behavioral Medicine},
  volume={40},
  number={2},
  pages={218--227},
  year={2010},
  publisher={Springer}
}

@book{rowlands_philosopher_end_universe,
  title={The Philosopher at the End of the Universe},
  author={Rowlands, Mark},
  year={2005},
  publisher={Random House}
}

@article{barnett_empathy_transfer,
  title={Helping behavior and the transfer of empathy},
  author={Barnett, Mark A and Howard, Jeffrey A and King, Laura M and Dino, Geri A},
  journal={The Journal of social psychology},
  volume={115},
  number={1},
  pages={125--132},
  year={1981},
  publisher={Taylor \& Francis}
}

@article{schmidhuber_art_science,
  title={Art \& science as by-products of the search for novel patterns, or data compressible in unknown yet learnable ways},
  author={Schmidhuber, J{\"u}rgen},
  journal={Multiple ways to design research. Research cases that reshape the design discipline, Swiss Design Network-Et al. Edizioni},
  pages={98--112},
  year={2009}
}

@inproceedings{bach_micropsi,
  title={The micropsi agent architecture},
  author={Bach, Joscha},
  booktitle={Proceedings of ICCM-5, international conference on cognitive modeling, Bamberg, Germany},
  pages={15--20},
  year={2003},
  organization={Citeseer}
}

@article{macrae_pen_drop,
  title={Help, I need somebody: Automatic action and inaction},
  author={Macrae, C Neil and Johnston, Lucy},
  journal={Social Cognition},
  volume={16},
  number={4},
  pages={400--417},
  year={1998},
  publisher={Guilford Press}
}
@article{greitemeyer_videogame_prosocial,
  title={Effects of prosocial video games on prosocial behavior.},
  author={Greitemeyer, Tobias and Osswald, Silvia},
  journal={Journal of personality and social psychology},
  volume={98},
  number={2},
  pages={211},
  year={2010},
  publisher={American Psychological Association}
}


@article{mori_uncanny_valley,
  title={The uncanny valley [from the field]},
  author={Mori, Masahiro and MacDorman, Karl F and Kageki, Norri},
  journal={Robotics \& Automation Magazine, IEEE},
  volume={19},
  number={2},
  pages={98--100},
  year={2012},
  publisher={IEEE}
}

@inproceedings{leite_empathic_chess_robot,
  title={” Why Can’t We Be Friends?” An Empathic Game Companion for Long-Term Interaction},
  author={Leite, Iolanda and Mascarenhas, Samuel and Pereira, Andr{\'e} and Martinho, Carlos and Prada, Rui and Paiva, Ana},
  booktitle={Intelligent Virtual Agents},
  pages={315--321},
  year={2010},
  organization={Springer}
}

@article{marsella_computational_emotion,
  title={Computational models of emotion},
  author={Marsella, Stacy and Gratch, Jonathan and Petta, Paolo},
  journal={A Blueprint for Affective Computing-A sourcebook and manual},
  pages={21--46},
  year={2010}
}

@book{dawkins_selfish_gene,
  title={The selfish gene},
  author={Dawkins, Richard},
  number={199},
  year={2006},
  publisher={Oxford university press}
}

@article{glasersfeld_experience,
  title={Reflections on the Concept of Experience and the Role of Consciousness. Unfinished Fragments},
  author={Glasersfeld, E von and Ackermann, Edith K},
  journal={Constructivist Foundations},
  volume={6},
  number={2},
  pages={193--203},
  year={2011}
}